

@book{Hennessy2017,
    title={Computer Architecture: A systematic Approach},
    author={Hennessy, Peterson},
    year={2017},
    publisher={Lemon}
}

@book{David2015,
    title={Computer Organization and Design},
    author={David A Paterson and John Hennessey},
    volume={206},
    year={2015},
    publisher={Springer}
}

@book{FFTPoisson,
    title={Fourier Analysis of the 2D Screened Poisson Equation for Gradient Domain Problems},
    author={ Pravin Bhat and Brian Curless and Michael CohenC and Lawrence Zitnick},
    volume={2},
    year={2008},
    publisher={Springer}
}

@book{Berkley1996,
	title = {Solving the Discrete Poisson Equation using Jacobi, SOR, Conjugate 		Gradients, and the FFT},
	author= {Demmel EECS Berkley},
	publisher = { Retrieved from \url{https://people.eecs.berkeley.edu/~demmel/cs267/lecture24/lecture24.html}, accessed 2018-09-23 },
	year = {1996}
}

@article{FPGACG,
title = { Efficient FPGA Implementation of Conjugate Gradient Methods for Laplacian System using HLS},
author = {Sahithi Rampalli and Natasha Sehgal and Ishita Bindlish and  Tanya Tyagi and Pawan Kumar},
journal = {arXiv:1803.03797},

year = {2018}

}

@article{Sharcnet,
title = {Measuring Parallel scaling performance},
	publisher = { Retrieved from \url{https://www.sharcnet.ca/help/index.php/Measuring_Parallel_Scaling_Performance}, accessed 2018-11-4},
	year = {2016}
}

@book{MatComp,
title = {Matrix Computations},
year = {2013},
author = {Gene H Golub and Charles F.},
publisher = {John Hopkins}
}

@article{stackexchangeBoundary,
    title = {Boundary conditions in conjugate gradient method for poisson equation},
    author = {Rasmus},
    publisher = {Computational Science Stack Exchange},
    url = {https://scicomp.stackexchange.com/q/24698}
}

@INPROCEEDINGS{inmemory,
author={Q. Zhu and B. Akin and H. E. Sumbul and F. Sadi and J. C. Hoe and L. Pileggi and F. Franchetti},
booktitle={2013 IEEE International 3D Systems Integration Conference (3DIC)},
title={A 3D-stacked logic-in-memory accelerator for application-specific data intensive computing},
year={2013},
pages={1-7},
}

@inproceedings{neuralcache,
  author    = {Charles Eckert and
               Xiaowei Wang and
               Jingcheng Wang and
               Arun Subramaniyan and
               Ravi R. Iyer and
               Dennis Sylvester and
               David T. Blaauw and
               Reetuparna Das},
  title     = {Neural Cache: Bit-Serial In-Cache Acceleration of Deep Neural Networks},
  booktitle = {45th {ACM/IEEE} Annual International Symposium on Computer Architecture,
               {ISCA} 2018, Los Angeles, CA, USA, June 1-6, 2018},
  pages     = {383--396},
  year      = {2018},
}
